2944 4602
502 198 961 310 herstart.

164 413 213 492 ln
236 411 382 490 tandem
404 423 557 490 conatus
577 411 627 490 est
644 409 718 500 (n)
739 419 865 506 ipio,
891 409 917 488 li
946 413 998 493 uis
1019 410 1114 492 alius
1134 411 1223 492 huie
1243 415 1347 514 operi

96 511 374 616 quhnmaxime
394 512 611 606 inidoneus3
650 527 759 690 attpue
785 515 833 590 ita
859 435 1033 612 pedecit,
1070 530 1113 592 ut
1141 513 1177 590 se
1205 513 1347 592 undu

95 613 296 710 &Gaffindi
327 612 457 713 scripta
479 635 667 714 nunquam
716 611 823 710 egisse
861 609 1006 692 abunde
1038 613 1345 694 demonstraverit.

93 724 253 792 Variacum
278 717 422 790 Codicum
442 716 613 800 omilium,
652 711 698 800 &⁶
726 724 855 790 Carinen
878 722 1003 788 ormino
1030 717 1183 794 rimandis
1200 717 1348 790 vendica-

86 835 151 888 tum
168 818 243 907 (o)
268 813 399 911 indat,
435 811 519 890 ciam
543 813 718 890 sexcentis
749 814 924 914 exemplis
958 811 1172 894 confirmare
1201 811 1348 915 possum
1446 857 1447 868 r

83 913 195 992 Istum
217 918 284 991 uni
302 913 439 1000 Pareo,
466 911 623 992 Homini
642 913 867 1000 sursuraceo‚
896 913 1027 992 fidere:
1065 909 1215 992 Barbara
1236 917 1348 992 intet-

82 1017 291 1114 pretatione
312 1013 497 1092 incestavit
518 1011 777 1091 Latinilsrmum
801 1011 977 1098 Poeaus,
1013 1011 1143 1114 easque
1168 1029 1271 1092 notm
1288 1014 1349 1090 ad-

81 1119 188 1212 jecit,
234 1136 315 1214 quae
348 1111 613 1213 Philosophum
641 1113 777 1193 faciunt
812 1113 903 1213 saepe
935 1113 1158 1200 absurdum,
1195 1111 1348 1212 seipsum

80 1213 223 1315 semper
245 1214 449 1292 ridiculum.
503 1213 575 1292 Sed
594 1216 657 1292 ille
677 1211 783 1312 Bipes
803 1213 852 1292 est
872 1237 918 1292 ex
937 1213 1007 1300 illo
1024 1212 1219 1298 hominum
1238 1233 1348 1309 gene-

82 1339 144 1402 re,
191 1319 258 1416 qui
286 1316 367 1414 post
398 1314 624 1414 depravatam
651 1312 905 1417 Religionem,
947 1315 1205 1413 &corruptos
1225 1313 1349 1390 bonor

81 1415 233 1503 Mores,
273 1418 312 1492 in
335 1414 470 1492 Literas
496 1415 728 1494 humaniores
749 1414 933 1502 involant,
974 1415 1011 1490 &
1032 1411 1191 1492 maxime
1210 1427 1348 1510 agunt,

82 1532 215 1594 utnec
238 1515 319 1600 Pii,
357 1513 557 1626 molloni,
595 1502 835 1592 nec'Literati
864 1513 1037 1614 polonus
1065 1511 1169 1590 else':
1222 1513 1257 1589 Si
1287 1512 1350 1590 uid

82 1615 242 1712 asperius
262 1615 440 1700 dixerim,
467 1616 504 1696 id
528 1618 714 1692 non-mels
738 1615 925 1701 moribus,
953 1613 1174 1692 sedillorurn
1192 1613 1270 1691 inso
1308 1637 1351 1690 n·

81 1719 171 1801 tiae,
201 1717 267 1814 qui
285 1715 406 1791 bonos
423 1714 593 1791 authores
614 1715 752 1792 violant
772 1715 943 1808 ascribas3
971 1714 1065 1792 nosti
1077 1713 1286 1801 lenitatem,
1313 1725 1351 1790 at

80 1816 193 1893 stulta
217 1815 267 1890 est
285 1814 475 1892 clementia
500 1815 598 1892 duris
620 1817 737 1892 verbis
761 1812 1046 1916 parcerent-nm
1076 1815 1131 1890 llll
1152 1811 1220 1892 fint
1245 1816 1351 1890 meri·

82 1919 110 1992 ti
140 1915 316 1992 duriora:
355 1909 436 2011 Ego
470 1914 619 2016 quidem
650 1913 793 2016 opusb
835 1910 1350 2018 Fayoinstitutum3'rnelil1s

83 2013 197 2116 qnhm
227 2012 306 2114 lpse
334 2015 458 2113 potuit
488 2014 668 2113 (indulge
695 2013 786 2092 mihi
810 2015 914 2092 istam
941 2015 1213 2114 arrogantiam,
1260 2011 1351 2090 nihil

83 2119 183 2192 eninr
203 2113 375 2192 humilius
393 2115 465 2191 dici
489 2116 638 2215 potest)
662 2115 828 2192 absolvi:
876 2118 1037 2201 Loubinl,
1067 2116 1209 2210 Gifauii,
1242 2114 1351 2204 Vrffii,

83 2218 244 2304 salmati,
273 2223 445 2303 Gronouii,
485 2219 601 2295 Fabri,
637 2215 806 2310 Aliorum
827 2212 1129 2310 Observationes,
1159 2213 1354 2312 Conjetlu-
1446 2277 1447 2280 a

83 2340 160 2404 ras,
199 2313 542 2411 Interpretationes‚
581 2309 863 2392 Emendationes
885 2311 1042 2414 collegi,
1080 2306 1232 2412 digelh3
1273 2337 1353 2414 non

83 2430 207 2493 tamen
232 2411 324 2492 aded
345 2416 498 2515 probavi
525 2420 680 2500 omnia,
721 2437 800 2512 quae
827 2417 949 2512 magni
982 2413 1034 2491 illi
1065 2417 1131 2491 viri
1157 2411 1350 2500 dixerunt,

84 2532 125 2592 ut
155 2538 347 2616 nunquam
382 2538 468 2590 uteo
502 2515 626 2590 animo
666 2511 858 2590 obsecutus
892 2513 1055 2594 fuerim:
1109 2509 1227 2608 Quod
1250 2509 1351 2590 'verd

86 2614 256 2712 Gcrlsendzu
284 2630 477 2712 utramque
504 2611 580 2690 sere
603 2615 771 2713 paginam
798 2611 911 2703 facit,
949 2613 1163 2732 idquidem
1200 2627 1354 2690 conten-

85 2717 132 2794 do
168 2710 266 2792 recle
298 2713 525 2800 institutum,
573 2713 611 2790 δι
642 2731 779 2812 negent
807 2714 861 2815 isti
882 2771 909 2814 ,⁴
946 2738 1010 2816 qur
1046 2713 1155 2800 mihi,
1207 2713 1354 2810 aliisue

85 2823 226 2891 tumetis·
247 2813 441 2892 tertoribus
462 2811 625 2894 invident
645 2828 720 2893 tatu
743 2813 917 2903 dotium,
957 2829 1032 2894 tam
1066 2739 1313 2916 elegantemql

85 2929 295 3018 terpretem.

158 3113 291 3192 Fuor
316 3126 462 3202 tamen,
517 3109 669 3191 uantirnr
690 3117 820 3215 potui,
848 3109 1181 3194 Grammaticorum
1205 3130 1355 3196 conten·

87 3217 228 3301 tiones,
256 3215 302 3292 de
322 3215 472 3301 Literis,
540 3238 726 3316 usumque
749 3217 938 3316 apicibus,
965 3213 992 3291 sr
1016 3211 1131 3295 modd
1155 3217 1355 3315 integra&

90 3315 257 3416 expedita
280 3316 468 3393 videbatur
484 3315 690 3404 Sententia,
720 3339 797 3393 non
819 3317 926 3392 nimis
948 3311 1134 3396 solicitus:
1161 3317 1252 3398 Non
1271 3339 1356 3415 pro·

88 3419 214 3493 babilis
238 3413 443 3502 euriositas,
470 3439 602 3494 vexare
616 3439 751 3502 voces,
779 3411 864 3493 curn
877 3417 987 3494 varies
1008 3415 1091 3495 licet
1106 3417 1143 3494 uc
1161 3431 1354 3516 torqueas,

91 3515 189 3592 idem
210 3531 332 3594 tamen
355 3515 573 3596 fatebuntur.
626 3513 790 3594 Verebar
811 3514 943 3604 etiam,
971 3541 1018 3594 ne
1031 3516 1090 3595 illa
1107 3515 1262 3596 Morum
1277 3514 1359 3592 dul·

93 3615 208 3693 cedo,
235 3639 314 3715 quae
335 3615 451 3704 Trur,
488 3616 633 3718 aliisque
653 3619 802 3716 optimis
821 3619 903 3694 viris
922 3641 999 3694 non
1022 3618 1118 3696 fatua
1143 3616 1372 3735 uidebatur,⁵

95 3713 297 3808 acesceret3
348 3715 502 3818 Quippe
523 3715 856 3795 Grammaticorum
885 3739 973 3816 gens
998 3719 1047 3796 est
1065 3715 1251 3806 clamosa,
1291 3715 1375 3822 'm
1422 3775 1424 3780 .

95 3817 211 3902 mitis,
249 3817 396 3905 acerba,
434 3817 614 3894 irritabilis
628 3841 640 3910 3
677 3841 797 3918 neque
817 3840 948 3897 eorum
969 3817 1205 3896 familiaritate
1229 3841 1373 3926 emtus

97 3914 220 4016 aliquis
242 3917 351 3992 nimis
370 3934 540 3995 uteretur.
611 3915 832 4018 Perpetuam
860 3921 954 3996 inter
980 3943 1043 3996 eos
1066 3915 1243 4027 Odium„
1274 3942 1374 4022 con,

96 4015 273 4103 tumeliae,
299 4015 493 4112 Convitia3
534 4015 586 4094 Ut
607 4020 765 4117 imperiti
789 4017 970 4122 rudesque
986 4017 1156 4118 Tragici,
1184 4019 1283 4116 ajam
1303 4041 1372 4122 hu,

100 4114 180 4192 mile
201 4117 336 4219 aliquid
358 4119 395 4194 &
415 4117 610 4196 miserabile
633 4119 776 4209 dicant,
803 4144 936 4201 vocem
962 4121 1190 4226 intendunt,
1238 4139 1276 4216 ει
1304 4145 1372 4219 mi.
1405 4134 1410 4143 '

800 4243 871 4315 ³4
996 4263 1004 4312 r
1238 4258 1371 4322 uantur

151 4409 210 4486 (n)
235 4413 330 4474 Editor
346 4413 463 4472 bructeris
479 4415 507 4471 in
523 4413 598 4472 rusum
618 4415 755 4484 Delphic'.
799 4411 857 4486 (o)
875 4413 951 4470 Pras.
