2944 4602
512 223 945 326 ilbiulbdl

97 428 162 527 gui
179 426 274 506 horti
293 428 535 526 plantaribus,
564 431 633 522 (e)
659 449 761 504 maza
777 426 1019 530 sudibusque
1038 427 1172 508 samem
1196 430 1354 532 maligne

99 533 275 616 extinxit,
303 533 371 624 (f)
400 531 502 630 Aqua
526 531 563 604 dr
588 551 680 628 pane
701 527 853 627 fimpiici
881 544 1096 618 contentus,
1140 535 1273 632 quibus
1300 557 1354 610 ca·

95 629 187 706 leutii
210 629 367 724 addidit,
396 628 542 730 quando
565 631 678 727 genio
698 628 910 726 indulgere,
941 629 1239 730 &sumptuosius
1265 659 1357 711 cori·

92 733 200 804 virori
225 729 342 806 libuit
381 763 384 772 ’
409 731 504 823 Quae
532 730 589 807 his
614 732 792 806 contraria
822 729 849 822 a,
863 728 1027 802 Plutarcho
1050 731 1087 804 da
1107 741 1246 808 cicerum
1265 733 1356 810 rese-

88 845 242 916 runtur,
280 829 434 930 plurima
457 830 538 907 sunt
559 829 578 906 l
603 835 712 906 Stoicis
732 825 1037 927 impudentissime
1059 827 1134 926 (g)
1151 829 1286 921 effista,
1317 834 1355 914 ἃ

87 927 266 1008 invidiose
285 932 429 1006 recitata
450 931 495 1007 ab
518 930 590 1006 istis
610 929 853 1017 authoribus,
896 931 960 1031 qui
987 933 1249 1028 oppugnabant
1276 935 1357 1032 opi·

86 1035 222 1107 ninnes
251 1033 288 1107 in
321 1053 410 1128 quas
440 1029 518 1126 (b)
550 1025 761 1131 popularibs
787 1028 919 1108 dicere
937 1027 1172 1128 potuerunt:
1224 1031 1356 1132 Neque

88 1141 258 1226 Epicurum
280 1131 370 1207 mihi
390 1131 560 1214 videntur
579 1129 658 1208 satis
677 1127 907 1220 intellexisse,
935 1153 1093 1230 namque
1114 1127 1206 1219 lile,
1226 1145 1269 1208 ut
1282 1147 1357 1210 erat

84 1231 225 1308 sacetus
248 1285 259 1316 ‚
301 1235 394 1308 varia
423 1235 593 1328 Voluptatis
610 1229 871 1328 significatione
894 1227 1002 1306 illusit
1024 1239 1167 1317 Stoicos,
1207 1231 1355 1308 sailosos

86 1332 125 1406 dc
147 1329 337 1408 irritabiles
360 1330 500 1418 Viros,
539 1347 582 1410 ut
605 1331 760 1408 habeant
784 1329 839 1410 isti
861 1330 958 1409 unde
979 1333 1170 1418 rixentur,
1213 1333 1250 1408 &
1271 1331 1358 1410 fiant

85 1434 206 1528 magis
232 1430 373 1510 ridiculi
408 1457 416 1507 t
452 1427 700 1521 Familiaribus
733 1445 855 1510 autem
890 1453 974 1507 vera
1006 1430 1194 1530 rigidaque
1226 1429 1356 1509 Virtus

85 1549 164 1608 erat
181 1532 359 1631 explicata
374 1533 440 1625 (i)
466 1534 605 1620 verbis,
633 1535 704 1609 rita
719 1529 953 1631 moribusque
973 1529 1146 1606 declarata
1165 1555 1176 1624 ;
1206 1531 1356 1610 &nulla

85 1655 255 1730 unquam
285 1631 419 1714 Schola
444 1633 534 1710 vidit
559 1635 713 1730 majoros
732 1633 862 1720 viros,
904 1631 942 1708 ἀ
969 1632 1083 1729 magis
1119 1635 1222 1709 omni
1242 1632 1356 1711 laudis

83 1754 229 1830 genere
253 1729 417 1830 insignes.

193 1947 255 2029 De
284 1963 478 2030 contemtu
511 1951 793 2054 Disciplinarum
829 1953 919 2056 quid
946 1951 1235 2054 responderem,
1272 1948 1358 2030 cliiii

83 2049 197 2131 utiles
218 2055 278 2128 iix
301 2051 503 2150 neglexerit
534 2111 545 2140 ‚
592 2057 629 2132 &
657 2053 736 2152 Ego
763 2079 839 2132 non
864 2053 942 2133 suin
969 2051 1060 2132 oded
1091 2054 1286 2139 delicatus,
1317 2067 1359 2128 ut

83 2151 227 2228 nullam
254 2150 478 2229 admitterent
506 2153 775 2252 Philosophiam
801 2151 864 2230 nisi
882 2153 1035 2253 operose
1057 2155 1095 2228 &
1120 2152 1272 2253 phaleris
1293 2175 1355 2228 or-

85 2251 246 2329 natam?
272 2252 321 2329 lt
337 2251 427 2330 serici
454 2255 508 2330 isti
530 2253 729 2341 accusant,
768 2259 832 2356 qui
854 2253 1022 2332 luviduni
1048 2251 1210 2340 dicunt,
1238 2255 1358 2354 ingra·¹
1459 2309 1460 2326 .

85 2365 192 2441 tum,
220 2351 292 2444 (l)
310 2361 507 2442 Democriti,
524 2355 561 2430 dc
574 2353 805 2450 Naiifipliam's,
832 2355 898 2440 (l)
914 2351 934 2440 ὲ
951 2354 1083 2454 quibus
1096 2352 1271 2458 profecit,
1291 2348 1359 2430 Ca·

84 2450 295 2529 villatorem
320 2479 328 2526 :
356 2451 476 2530 Grave
501 2453 581 2530 hoc'
600 2457 761 2539 crimen,
790 2449 848 2528 scd
869 2453 1139 2544 decommum,
1169 2455 1205 2529 dr
1227 2449 1252 2528 si
1276 2476 1358 2528 vera

84 2551 187 2628 soret
207 2557 294 2647 (m)
314 2552 493 2630 accusatio
517 2609 527 2639 ,
556 2551 768 2652 iniquiffime
781 2553 818 2630 id
842 2549 988 2630 Vitium
1004 2551 1115 2631 hodie
1138 2555 1358 2648 objiceretur

86 2662 227 2770 spicario
253 2708 264 2737 ,
293 2655 357 2768 pul
377 2651 510 2752 amplas
532 2651 631 2730 dedit
647 2677 777 2753 poenas
798 2655 979 2770 oninium.
995 2666 1141 2774 actatum
1162 2652 1295 2769 inuidia
1321 2657 1358 2732 &

85 2749 1358 2953 littisiittl‘ltp,Pthii-3.thitittttllltt‘l
1410 2940 1424 2958 J

85 2951 284 3038 humana,
320 2949 575 3034 iiconseratur
603 2969 693 3030 cum¹
718 2953 869 3030 illorum
897 2955 1087 3038 convitiis,
1126 2957 1190 3053 qui
1213 2951 1357 3054 qualem

86 3052 236 3150 qualem
266 3055 303 3128 in
326 3051 480 3152 Physicis
513 3053 716 3153 profertum
748 3055 811 3130 uni
837 3061 968 3148 Epicuro
1000 3065 1191 3152 acceptum
1226 3052 1358 3131 referre
1414 3139 1421 3152 ‚

87 3153 238 3230 debent
271 3149 347 3230 ¹Eri
367 3159 541 3251 magnum
559 3153 596 3230 dc
617 3152 856 3231 memorabile
881 3149 1126 3252 Exemplum!
1156 3156 1233 3250 (u)
1253 3155 1375 3252 Sequiss,
1411 3169 1414 3172 ’

87 3273 145 3327 tur
171 3263 323 3348 Epicurus
341 3278 412 3327 cum
434 3253 492 3346 fito
512 3279 650 3353 grege,
675 3261 730 3336 rar
747 3257 865 3352 partlm
888 3253 1050 3342 etutditur,
1070 3255 1129 3346 secl
1153 3264 1276 3352 ingenio
1297 3281 1359 3328 nou

90 3356 244 3450 vulgari,
281 3361 329 3426 ita
348 3373 452 3427 tarum
469 3354 598 3446 sufibus
626 3355 780 3441 addillo,
813 3374 858 3428 ut
877 3355 988 3429 exhide
1011 3355 1188 3450 supremam
1213 3362 1360 3429 unitatis

90 3478 236 3528 normam
262 3450 308 3540 sd
340 3457 472 3529 iudicem
500 3453 622 3550 fereper
645 3453 858 3547 desumendum
892 3453 946 3550 effe
973 3463 1150 3551 praeverti.
1218 3454 1362 3532 Gaudeat

92 3553 148 3628 Ille
160 3554 226 3646 suis
240 3552 374 3652 [sufibus
397 3555 666 3654 onmiscr'tntibiis,
696 3553 757 3656 suo
779 3557 846 3633 Sole
859 3553 1080 3662 suspu'ptdali,
1103 3555 1161 3655 sua
1184 3563 1363 3734 Tmou

381 3681 391 3690 .
711 3709 717 3718 1
1203 3675 1229 3754 p
1320 3685 1359 3744 a,

42 3887 47 3893 ·
164 3865 222 4002 ἵε)
241 3869 400 3938 Porphvrlus
416 3872 463 3928 lib.
483 3873 507 3929 1.
533 3873 567 3927 de
584 3847 653 3927 hbst.
680 3871 778 3926 Seneca
796 3871 876 3940 sipili.
896 3885 937 3928 er.
964 3871 1120 3928 Pluturohns
1147 3871 1206 3926 adr.
1234 3871 1362 3929 Colotem'.

97 3935 156 4060 gf?
212 3929 391 4022 ertiuspLib..
402 3943 438 3996 X.
494 3938 557 4062 (gg
574 3941 712 4007 Laertius,
735 3941 794 3996 Lib.
811 3942 846 4002 X,
892 3939 951 4014 (li)
970 3943 1029 4008 Viri.
1049 3942 1219 4008 Ciceronem,
1239 3942 1297 4002 Lib.
1309 3942 1361 4018 lul·

124 4007 206 4062 actii.
225 4006 297 4064 Orat.
317 4027 344 4062 iri
362 4009 489 4070 Pisonem.
507 4012 538 4068 Li
560 4009 635 4064 .lll.
654 4011 686 4062 de
704 4012 776 4064 Orat.
798 4012 824 4064 dr
845 4007 1014 4066 Plutarchum
1034 4009 1092 4061 adv.
1113 4009 1254 4076 Colotem,
1282 4013 1309 4064 dc
1329 4011 1361 4074 Α.

98 4075 231 4142 Gellium,
258 4077 367 4136 Libii.
387 4079 448 4166 Cap.
465 4087 497 4143 8,
514 4081 580 4146 &9.
641 4074 776 4154 (Olmie
793 4079 923 4147 Epicurai
940 4081 1007 4148 apud
1026 4077 1107 4140 Clcpi.
1130 4081 1207 4142 Alex.
1223 4079 1318 4135 Strom.
1338 4097 1361 4146 ς.

98 4159 124 4210 Pr
144 4159 173 4210 tt
178 4161 202 4210 5·
222 4146 313 4202 dicunt
329 4159 353 4223 29
369 4171 421 4222 nup
445 4147 530 4214 olvreir
548 4147 677 4217 elul-'iura
693 4155 768 4212 eiius,
787 4165 864 4218 quern
876 4149 962 4200 locum
979 4145 1137 4212 Galscndns,
1156 4149 1235 4208 Toni.
1248 4165 1272 4214 ς.
1285 4165 1310 4216 p.
1320 4165 1363 4214 95.

98 4213 378 4282 nonreetd'eirpiicat.
416 4211 471 4284 (t)
491 4217 597 4280 Cicero,
619 4215 675 4273 Lib.
689 4216 711 4272 l.
727 4219 757 4270 de
771 4217 829 4274 ain.
840 4217 898 4270 Lib.
911 4216 934 4268 l.
954 4217 1058 4272 ileNat.
1069 4218 1195 4272 Deorum.
1253 4209 1364 4286 l)Serr-

100 4288 142 4362 tus¹
158 4283 324 4350 Empirieus‚
348 4284 443 4337 Lib.l.
465 4287 552 4338 aluei.
565 4285 774 4340 Mathematicus.
821 4279 892 4412 (me
907 4285 992 4352 Negat
1008 4285 1143 4351 Laertius,
1172 4283 1231 4337 Lib.
1271 4287 1365 4339 ,lliu-

102 4348 174 4404 sinus
189 4353 215 4406 in
235 4352 371 4420 Epicuro,
401 4355 427 4416 dr
444 4351 458 4405 ri
478 4353 611 4408 Plutarchi
629 4353 687 4410 Lib.
699 4355 737 4412 ll.
755 4355 814 4410 adv,
831 4354 869 4408 eo
881 4357 959 4410 olem.
972 4357 998 4412 dt
1013 4354 1135 4416 Lucterio
1155 4351 1264 4414 refutari
1272 4354 1362 4421 potest.

103 4414 159 4487 (n)
177 4416 461 4488 Archaeolngial’hilos.
481 4438 508 4492 p.
528 4436 586 4490 ης.

1364 4511 1458 4576 l*
