2944 4602
523 215 933 328 ateius-eet

107 467 111 480 ¹
171 418 209 506 H
216 446 301 502 otc
326 423 530 506 Calumnie
549 427 597 500 ita
621 421 824 528 profligatae
841 418 1001 512 succedit
1024 421 1091 504 alia
1110 421 1240 514 esatior
1266 423 1361 528 aspe-

104 527 173 606 ssu‚
201 529 352 618 &voce
373 525 641 618 truculentium
673 526 861 602 clamitans
886 521 1068 614 Vesanum
1096 524 1192 616 esse,
1221 526 1362 604 Immo-

99 627 265 718 rsestum,
302 625 489 726 Impium,
532 623 746 726 Voluptatis
776 625 1021 724 magistrum,
1064 630 1166 712 omni
1201 625 1362 728 denique

95 730 293 828 spurcitie,
332 747 412 831 quae
433 728 539 816 decet
558 723 721 803 Porcum
747 747 793 802 ex
817 733 942 822 spioni
965 749 1079 824 grege
1102 730 1358 832 inquinatum:

93 825 171 926 Ego
200 824 292 918 uero
323 849 512 928 nunquam
539 828 702 904 animum
733 849 858 905 meum
890 823 1064 907 inducere
1092 831 1200 928 potui
1222 839 1265 908 ut
1286 849 1362 904 cre·

92 931 206 1022 dam,
248 937 402 1024 Pannonii
420 935 546 1016 Araiai,
575 923 749 1012 mitissimi
773 925 855 1012 Viri
878 925 1121 1008 familiarem,
1166 927 1362 1030 Utriusque

93 1037 250 1106 ciconnis
269 1029 440 1118 deliciae,
471 1029 705 1117 &eximium
729 1025 798 1119 suaa
818 1030 929 1104 atatis
951 1041 1210 1106 ornamentum
1230 1041 1288 1108 tot
1311 1029 1362 1106 vi·

91 1135 151 1206 tiis
173 1129 247 1222 (de
274 1128 466 1230 Impietate
488 1132 607 1228 aptior
627 1130 695 1203 erit
716 1126 860 1204 dicendi
888 1127 1021 1224 locus)
1041 1127 1256 1206 foedatum:
1291 1127 1363 1204 Te·
1451 1169 1452 1174 Ν

89 1232 159 1312 stes
182 1234 294 1332 igitur
317 1255 465 1336 quaero,
500 1229 558 1304 sed
578 1225 709 1306 nullibi
737 1230 941 1316 inveniam,
976 1227 1115 1328 Scripta
1136 1228 1297 1314 evolvo,
1326 1241 1363 1306 at

88 1333 128 1424 in
148 1329 220 1412 iliis
243 1337 367 1408 omnia
385 1325 498 1430 longe
520 1327 695 1420 dissimilia
713 1353 725 1422 3
754 1327 873 1418 Multa
894 1329 1059 1410 adversos
1086 1327 1234 1407 Motum
1261 1327 1363 1406 sorti·

89 1445 171 1519 ter,
217 1429 535 1531 intemperantiam
565 1427 710 1518 severe,
749 1425 957 1508 Libidinem
986 1423 1078 1508 caste
1106 1427 1360 1532 disputantur,

89 1553 174 1631 quae
197 1531 334 1608 hortari
361 1531 405 1622 ad
434 1529 620 1616 Virtutes,
648 1531 692 1606 ab
718 1529 897 1610 Avaritia,
924 1529 1160 1619 Ambitione,
1200 1531 1362 1611 Luxuria

117 1629 229 1710 ossrnt
247 1631 454 1723 deterrere,
480 1631 663 1729 piurima:
692 1627 737 1705 Et
761 1633 825 1730 qui
845 1629 891 1708 ed
912 1629 1006 1708 illius
1030 1644 1208 1732 praecepta
1233 1628 1361 1710 Vitam

96 1821 99 1826 Ι
138 1730 294 1830 oresque
317 1733 541 1831 componit,
585 1729 694 1808 litum
715 1729 846 1822 Privati
871 1728 1060 1816 habebunt
1082 1731 1361 1830 integerrimum

85 1831 289 1926 Amicum,
317 1829 446 1912 Civem
468 1827 692 1934 Respublica.

166 2029 266 2110 San
298 2027 384 2108 cbm
410 2039 535 2128 Epium·
559 2029 747 2109 sesiatores
768 2055 846 2114 non
881 2045 958 2111 tam
974 2031 1037 2112 sua
1060 2027 1172 2131 quim
1195 2027 1362 2129 Magistri

86 2131 238 2210 infamia
264 2132 453 2221 laborant,
496 2131 593 2212 haud
625 2135 767 2230 integra
800 2135 868 2210 erit
894 2131 1018 2210 Poste
1043 2133 1158 2212 nostri
1179 2129 1361 2230 dignitas,

87 2232 153 2318 nis
175 2231 277 2310 Illius
291 2234 400 2310 etiam
422 2231 555 2319 Honos
577 2231 780 2316 vindicetur
800 2256 810 2321 r
838 2231 936 2310 Nam
950 2229 1043 2312 meli
1064 2245 1228 2314 moratus
1246 2228 1362 2310 Saso
1451 2245 1452 2258 ³

86 2333 131 2428 la
152 2331 417 2432 Philosophiae
428 2335 622 2432 Princeps,
653 2346 695 2408 ut
713 2329 811 2411 Fons
829 2330 1028 2418 lutulentus
1050 2331 1212 2414 canalem
1230 2330 1359 2422 snum.

87 2433 248 2518 obducit
266 2431 364 2534 quasi
383 2433 501 2522 limo,
532 2434 570 2520 ,δι
594 2430 810 2530 conspurcat
826 2429 1048 2531 Discipulos.
1112 2431 1220 2526 Quid
1235 2445 1362 2511 autem

87 2543 259 2629 ¹Epicurum
273 2533 459 2610 laudarem
479 2530 578 2630 apud
597 2529 694 2616 Ta,
722 2531 800 2624 Qui
822 2529 994 2612 Moribus
1007 2532 1178 2632 Vitaeque
1195 2533 1361 2610 instituto

85 2657 127 2724 es
147 2636 195 2728 ab
217 2631 305 2722 islo,
335 2655 444 2732 quem
468 2629 613 2730 Vulgus
639 2629 704 2714 sabi
725 2624 850 2729 fingit,
878 2631 990 2732 quem
1015 2629 1175 2716 maxime
1192 2629 1360 2712 asienus?

85 2731 131 2828 in
151 2729 304 2820 Deum,
332 2734 559 2832 Patriemque
575 2729 682 2820 Pius,
710 2730 848 2816 Amicis
864 2729 995 2822 Fidus,
1024 2732 1234 2827 Modestus,
1251 2731 1364 2815 Tem·

86 2857 243 2934 perans,
272 2833 475 2918 Litererum
498 2829 789 2923 summittimus,
819 2833 858 2910 in
875 2831 1000 2912 Notos
1016 2829 1223 2930 Benignus,
1252 2831 1358 2930 igno

86 2936 135 3010 tis
155 2935 331 3022 omnibus
352 2931 582 3025 Benevosus,
617 2934 655 3022 ἅς
680 2933 853 3016 omnibus
872 2930 1024 3014 uiciffim
1044 2931 1208 3020 charus.
1245 2931 1360 3032 despi-

87 3035 160 3126 cias
182 3033 374 3138 odorisque
394 3031 531 3124 necesse
553 3033 604 3126 est
622 3031 678 3113 Im
701 3037 808 3122 aium,
850 3031 1033 3126 infidum,
1072 3033 1355 3130 smmodestum.

87 3131 429 3235 intemperantem,
467 3133 594 3224 rudem
614 3131 666 3212 Di
704 3133 899 3232 'pisaurum
925 3133 1231 3224 contemtorem,
1271 3133 1360 3220 Uni·

87 3235 193 3316 uersis
223 3233 486 3325 Inuidentem,
528 3231 766 3328 &Univerfis
792 3235 925 3332 pariter
953 3231 1122 3318 Invisum.
1188 3233 1361 3325 Attamen

87 3331 177 3428 Hoc
192 3334 252 3413 Tr
266 3359 313 3428 ar
335 3333 539 3430 jucundum
561 3331 642 3426 sore
661 3334 851 3428 existimo,
877 3331 956 3428 Qui
969 3336 1081 3431 justus
1097 3336 1293 3438 equusque
1302 3349 1361 3420 rt-

89 3457 173 3520 rum
194 3435 339 3526 Arbiter
359 3435 462 3517 suum
485 3429 695 3534 Unicuique
718 3434 854 3528 tribui,
882 3455 1003 3534 neque
1022 3457 1236 3540 quenquam
1245 3433 1360 3531 soom

88 3551 237 3626 pentem
253 3535 443 3633 calumniis
468 3535 631 3639 opprimi
650 3535 688 3620 δι
706 3528 865 3626 obtundi
882 3533 981 3628 velis,
1130 3547 1143 3556 ““
1286 3611 1288 3618 ,

166 3733 317 3828 Quno
338 3725 522 3836 neg'arerit
547 3735 673 3826 Deum
692 3731 846 3814 effecisse
866 3733 1027 3828 Omnia,
1056 3739 1093 3816 sa
1112 3733 1285 3827 Humane
1296 3761 1361 3828 ¹cus
1392 3756 1395 3766 ·

92 3857 193 3925 rare,
237 3833 597 3935 impium'agnosco,
625 3837 768 3928 &non
787 3859 858 3936 ego
885 3840 914 3914 is
937 3837 1016 3918 sum
1042 3841 1105 3940 qui
1125 3822 1357 3934 excusarem

93 3933 196 4015 Licet
216 3935 305 4014 huic
326 3939 439 4030 errori
464 3937 661 4018 humanam
692 3937 978 4045 imbecillitatem
1009 3953 1206 4043 praetexere
1230 3952 1361 4039 potue-

95 4037 182 4128 rim,
221 4035 306 4114 crim
332 4043 462 4116 omnes
489 4035 628 4136 Physici
657 4051 752 4128 ante„
771 4045 1019 4137 Anaxagoram,
1056 4043 1256 4136 miscete,
1292 4064 1361 4116 nec

97 4140 208 4220 Stoicos
238 4140 441 4237 excipiam,
486 4139 619 4236 quibus
641 4135 771 4230 satum
802 4153 877 4217 erat
902 4163 973 4240 pro
1002 4139 1256 4228 Providentia,
1293 4138 1375 4218 sint·

99 4236 226 4322 todem
248 4237 412 4324 Crimine
433 4238 626 4336 implicitis
679 4237 865 4318 AEternam
898 4243 1114 4328 materiam,
1153 4239 1227 4325 Dei,
1250 4240 1361 4326 Soro-

101 4357 172 4430 rem
201 4351 423 4426 uiuerent,
453 4339 651 4440 objicerem
678 4341 866 4428 Platonicis,
892 4337 930 4422 se
955 4337 1043 4430 itiasi
1057 4342 1277 4442 Principium
1296 4335 1384 4453 pa.

823 4457 888 4527 ap
1253 4453 1361 4507 mter
