2944 4602
513 110 675 232 libb
725 113 820 210 4·(
867 101 943 209 boi

1450 145 1455 229 l

106 333 145 386 re
161 298 334 408 possuntt
360 301 429 384 suae
446 267 618 405 opinioni
633 301 715 405 plus
736 301 815 380 satis
828 295 1082 404 indulgentes,
1109 283 1375 402 eiusquefatnae
1453 347 1454 350 κ

107 406 226 487 forsan
250 409 357 482 nimis
382 405 555 504 benigni:
583 403 654 482 Sed
681 404 781 481 istam
801 401 1120 489 benevolentiam,
1147 405 1378 502 qu'anonin·

108 509 236 606 diget,
276 503 345 584 Vir
381 505 488 584 eretii
520 505 676 606 justique
708 505 819 580 animi
844 503 1074 604 aspernatur,
1115 517 1310 579 contentus
1334 505 1377 578 iis

108 608 269 695 riseritis,
309 627 390 706 quae
412 603 529 684 Vetus
549 603 773 682 Critieorum
799 601 923 692 Gens,
964 602 1191 702 lntegerrimi
1213 601 1377 700 judices,

110 721 361 806 agnoverunt,
389 707 427 781 &
441 705 504 783 suo
516 701 779 784 confirmdrunt
793 704 939 802 judicio.
993 703 1090 782 Nam
1102 707 1139 778 in
1155 697 1218 780 illo
1237 703 1292 792 (b)
1310 711 1380 776 Ar-

110 828 173 884 tem
191 801 355 892 Tullius,
369 801 436 904 ¹(c)
461 805 595 880 Sublime
610 833 733 881 carmen
758 803 936 893 Ovidius,
961 801 1210 898 Quintilianus
1226 805 1286 896 (d)
1309 805 1379 876 Ele-

105 914 251 1004 gantian
274 914 307 980 in
321 907 380 997 sua
399 911 554 994 manu,
581 903 713 989 Statius
737 908 756 994 (
765 911 807 998 e)
828 908 974 981 Ardusan
983 907 1130 1001 finam
1152 903 1375 995 admiratur3

112 997 365 1106 NequeQuid
389 1015 464 1080 tam
482 1005 633 1084 acerbus
660 1005 782 1084 Poeta
808 1003 966 1093 Censor,
994 1003 1161 1106 adeoque
1185 1003 1238 1082 sui
1264 1004 1379 1102 negli-

110 1130 221 1204 gens,
249 1119 291 1184 ut
307 1101 385 1179 haec
401 1118 534 1204 neget,
573 1101 782 1186 nouorum
811 1105 981 1184 invidiam
1006 1103 1066 1182 sua
1094 1106 1258 1204 reprimit
1279 1101 1382 1182 Con-

111 1205 289 1290 scientia,
315 1201 556 1283 lndoilorum
583 1206 870 1284 maledicentiam
901 1219 1087 1283 tantorum
1116 1206 1278 1304 judicum
1308 1202 1383 1280 Re·

111 1306 298 1383 verentia:
337 1301 382 1381 Et
401 1302 483 1384 sane
502 1307 583 1403 jure
603 1305 820 1408 expedenda
841 1307 892 1383 est
914 1309 1073 1402 Elegantia
1094 1309 1130 1381 in
1148 1305 1318 1383 Carmine
1335 1305 1381 1380 ab

111 1404 191 1506 ipio
218 1401 323 1482 Patre
347 1406 577 1484 venustatum
597 1409 663 1503 (f)
689 1415 830 1484 ucerone
850 1406 1060 1507 perpolito,
1089 1407 1287 1492 Sublimitas,
1317 1413 1384 1478 Ar·

111 1505 247 1598 dausque
257 1505 358 1599 surm
379 1507 417 1580 in
445 1506 505 1603 (g)
528 1505 731 1606 gravlllrmo
756 1505 825 1585 suae
848 1510 958 1585 aetutls
975 1511 995 1602 (
1004 1531 1081 1585 non
1107 1507 1206 1583 rudis
1229 1495 1318 1582 vero
1344 1505 1384 1579 dc

112 1602 295 1698 indoctae)
321 1603 433 1682 Poeta
458 1623 468 1682 ε
510 1603 553 1684 Et
577 1607 680 1708 quod
698 1606 743 1685 ad
765 1616 878 1684 Artem
900 1607 919 1683 s
941 1607 1058 1696 etlat,
1097 1605 1158 1684 leu
1179 1605 1384 1701 Argumen-

112 1721 240 1782 torum
256 1706 530 1794 inventionem,
558 1705 618 1785 leu
632 1707 793 1786 lllateriae
806 1631 1098 1807 disuodtionem,
1123 1705 1194 1783 five
1206 1707 1250 1782 ad
1266 1729 1385 1791 unum

113 1803 248 1890 finem,
286 1807 443 1904 impium
471 1805 589 1895 certi,
617 1806 677 1884 sed
698 1831 808 1909 quem
831 1807 895 1885 fibi
922 1808 1104 1905 elegerat,
1141 1808 1386 1884 attentionem

110 1903 412 2083 conlgtderemus,
451 1905 549 1986 nulla
572 1911 640 1986 erit
671 1915 834 2010 unquam
867 1907 1059 2011 perletlior
1079 1903 1288 2007 Disciplina
1312 1905 1386 1982 for·

111 2029 176 2082 mu
211 2061 220 2082 .

189 2201 292 2282 Unr
316 2207 513 2303 Quintilimo
535 2206 629 2286 int'er
650 2195 804 2286 Veteres
828 2205 980 2295 (Poetae
995 2203 1144 2286 fortallrs
1168 2205 1227 2284 alii
1250 2205 1388 2302 judica·

114 2307 230 2391 bunt,
274 2327 346 2401 ego
369 2301 456 2383 verd
477 2305 584 2406 iplius
605 2311 794 2406 Quintiliani
816 2306 988 2388 Hominis
1014 2309 1052 2384 in
1086 2309 1192 2384 rebus
1223 2303 1387 2383 Philoso-

115 2405 233 2504 phicis
254 2402 407 2484 minime
427 2410 612 2484 exercitati
632 2411 751 2500 vitio)
776 2410 917 2486 videtur
939 2406 996 2506 (b)
1020 2403 1210 2499 Difficilis3
1239 2406 1286 2484 At
1303 2404 1387 2482 Plu·

116 2506 217 2582 rimis
236 2501 256 2582 ὲ
276 2502 557 2584 Recentioribus
571 2503 792 2584 Difficilior:
820 2505 901 2586 Nec
925 2511 1063 2606 injuria.
1115 2505 1181 2586 llla
1205 2511 1301 2583 enim
1316 2505 1388 2582 luit

116 2605 309 2704 indiligens
336 2601 609 2704 Exscriptorum
642 2605 807 2696 inscitia,
852 2622 893 2684 ut
914 2607 1034 2686 nullus
1051 2606 1127 2686 ferd
1148 2606 1283 2686 Verius
1307 2605 1388 2702 (de

116 2703 260 2804 Paginis
280 2703 369 2805 quid
392 2704 569 2798 dicaml)
588 2703 743 2784 fincerus
763 2720 826 2785 aut
843 2704 1032 2786 emendate
1051 2705 1224 2806 scriptus:
1253 2705 1390 2806 Neque

23 2856 27 2868 ι
117 2805 254 2884 Manus
276 2829 396 2907 neque
417 2805 525 2884 Mens
548 2801 612 2885 l‘uo
633 2803 758 2885 officio
781 2808 1021 2906 fungebatur,
1067 2805 1282 2885 monstrosa
1309 2807 1390 2884 ubi·

118 2931 193 3084 que
214 2903 361 2994 Voces,
389 2904 548 2985 absurda
567 2905 762 2984 Sententia
773 2933 785 3002 ;
814 2909 851 2984 &
863 2905 1004 2988 llarbari
1020 2907 1075 2987 isti
1087 2905 1285 2988 Librorum
1301 2925 1391 2984 con·

135 3022 315 3084 erratores
336 3007 445 3086 nobis
474 3005 700 3085 tradiderunt
720 3005 879 3086 Codices
908 3032 947 3085 ea
973 3007 1067 3098 fide,
1123 3032 1168 3086 ua
1189 3005 1292 3084 Mare
1315 3023 1392 3082 tur·

120 3107 250 3184 bidum
262 3105 440 3205 Navigia:
468 3107 566 3186 Nam
581 3108 714 3187 erutlat
735 3106 825 3188 illud
845 3107 968 3188 fredus
986 3033 1187 3208 lucenique
1209 3104 1388 3192 Tabulas,

122 3209 301 3308 equibus
326 3205 442 3286 forsan
473 3209 548 3285 aliae
577 3207 696 3286 Nares
719 3211 911 3310 compingi
963 3205 1112 3294 nllunt,
1150 3205 1209 3282 sed
1238 3205 1394 3282 minoris

121 3305 250 3386 formae
295 3309 333 3386 ἃ
370 3307 595 3398 venustatis,
654 3308 718 3387 nili
752 3307 772 3389 d
808 3313 914 3412 periti
942 3333 1019 3388 rmo
1055 3303 1202 3386 Artifice
1238 3305 1395 3402 coniun-

122 3423 266 3509 gantur.

200 3607 326 3687 I'ueo
352 3611 462 3710 primi
481 3615 620 3685 moero
638 3605 803 3686 Editores
825 3631 902 3687 non
929 3622 1003 3686 tam
1020 3603 1203 3686 Codicum
1230 3603 1394 3702 Scriptu-

124 3731 203 3788 ram
227 3709 470 3789 exhibebant,
508 3707 620 3812 quim
644 3710 865 3807 coniecturas
887 3709 986 3799 luas,
1015 3731 1119 3786 ranas
1148 3710 1393 3907 piequqmqug,

1196 3829 1241 3885 ar
1271 3829 1338 3882 uan
1367 3833 1393 3884 o

120 4023 122 4026 ’
160 4013 205 4093 (i)
222 4017 304 4090 Epist.
315 4021 348 4074 uel
358 4017 494 4088 unbem,
513 4017 571 4076 Lib.
583 4017 621 4076 Il.
639 4017 690 4089 Ep.
710 4031 750 4075 tt.
779 4017 895 4076 [metii
912 4017 1032 4075 Poimeta
1052 4035 1100 4072 noer
1113 4017 1177 4084 flent
1200 4017 1238 4072 lte
1255 4015 1394 4073 mullirlu.

125 4102 235 4156 nundus
247 4098 374 4168 Iugari,
391 4101 475 4154 mab·
491 4107 574 4155 temen
589 4103 679 4154 artis
707 4099 762 4155 Alii
775 4101 885 4171 legunt,
915 4101 982 4156 Sunt
997 4101 1045 4154 lita
1058 4099 1160 4166 mabri,
1176 4097 1233 4161 &n
1269 4095 1315 4169 (c)
1332 4097 1393 4156 llm.

118 4180 215 4254 ntur.
228 4181 272 4239 El.
285 4197 326 4250 ις.
363 4177 570 4254 (al)lnll.0rrt
586 4179 800 4260 Lib.X.Cap.13
836 4177 892 4254 (e)
909 4181 1020 4238 Geneth.
1038 4181 1157 4247 Luceni,
1174 4173 1281 4234 Libit.
1299 4178 1395 4248 Sylva-

123 4279 191 4322 rum.
228 4263 289 4338 (f)
307 4261 435 4320 Eusebius
453 4263 542 4334 Olym.
563 4275 621 4331 171.
663 4259 679 4334 (
682 4257 724 4333 g)
743 4261 879 4320 Cornelius
888 4263 977 4334 Nepos
988 4265 1036 4320 vil.
1045 4263 1136 4320 Attici.
1172 4259 1305 4334 (must.
1321 4262 1392 4320 Orat.

124 4341 231 4402 labli.
242 4345 304 4420 Cap.
317 4357 342 4403 t.
361 4340 414 4400 Ubi
428 4353 514 4400 tamen
524 4343 667 4411 umbus,
684 4339 725 4400 leri
733 4340 843 4420 frana,
863 4339 1068 4417 legitDiffifilr'e.
1148 4361 1153 4370 ·
